@misc{1_the_economist_2014,
author={The Economist,},
title={Soap, sparkle and pop},
url={http://www.economist.com/news/books-and-arts/21611039-how-really-uncool-country-became-tastemaker-asia-soap-sparkle-and-pop},
year={2014}
},
@misc{2_news.bbc.co.uk_2015,
author={News.bbc.co.uk,},
title={BBC News - Fast Track - South Korea pushes its pop culture abroad},
url={http://news.bbc.co.uk/2/hi/programmes/fast_track/9633298.stm},
year={2015}
},
@misc{3_leong_2014,
author={Leong, Melissa},
title={How Korea became the world's coolest brand},
url={http://business.financialpost.com/news/retail-marketing/how-korea-became-the-worlds-coolest-brand},
journal={Financial Post},
year={2014}
},
@misc{4_balbina_y_hwang_2012,
author={Balbina Y. Hwang, The Diplomat},
title={Korea: A Model for Southeast Asia?},
url={http://thediplomat.com/2012/04/korea-a-model-for-southeast-asia/},
journal={The Diplomat},
year={2012}
},
@misc{5_munthit_grainger_1996,
author={Munthit, Ker and Grainger, Matthew},
title={South Korea joins the Mekong goldrush},
url={http://www.phnompenhpost.com/national/south-korea-joins-mekong-goldrush},
journal={Phnom Penh Post},
year={1996}
},
@misc{6_canada.com_2007,
author={Canada.com,},
title={Chinese Vancouver: A decade of change},
url={http://www.canada.com/vancouversun/story.html?id=011b7438-172c-4126-ba42-2c85828bd6ce},
year={2007}
}
